Plačiau apie šaltinių tipus ir jų atributus:
http://mirror.datacenter.by/pub/mirrors/CTAN/macros/latex/contrib/biblatex/doc/biblatex.pdf#subsection.2.1

@book{evans2004domaindriven,
  address = {Boston},
  author = {Evans, Eric},
  biburl = {http://www.bibsonomy.org/bibtex/2ab64eca0f621f0994e28e7f7032f8bab/ideeq},
  interhash = {687d2fb811c16a1c446815bbfae35b8d},
  intrahash = {ab64eca0f621f0994e28e7f7032f8bab},
  isbn = {0321125215 9780321125217},
  keywords = {design domain},
  publisher = {Addison-Wesley},
  refid = {52134890},
  title = {Domain-driven design : tackling complexity in the heart of software},
  year = 2004
}

@article {ReactiveManifesto,
  title = {The Reactive Manifesto},
  year = {2014},
  url = {http://www.reactivemanifesto.org/},
  author = {Jonas Bon{\'e}r and Dave Farley and Roland Kuhn and Martin Thompson}
}


@InProceedings{CzaplickiC13:FRPGUI,
  author =   {Evan Czaplicki and Stephen Chong},
  title =    {Asynchronous Functional Reactive Programming for {GUI}s},
  booktitle =    {Proceedings of the 34th ACM SIGPLAN Conference on Programming Language Design and Implementation},
  year =   2013,
  month =    jun,
  pages =        {411--422},
  publisher =    {ACM Press},
  address =    {New York, NY, USA}
}

@InProceedings{Wan2002:EventDrivenFRP,
  author =   "Zhanyong Wan and Walid Taha and Paul Hudak",
  title =    "Event-Driven {FRP}",
  booktitle =    "Practical Aspects of Declarative Languages ({PADL'02})",
  year =   2002,
  month =    jan,
  note={155–172 psl.},
}

@InProceedings{ElliottHudak97:Fran,
   title        = {Functional Reactive Animation},
   url          = {http://conal.net/papers/icfp97/},
   author       = "Conal Elliott and Paul Hudak",
   booktitle    = "International Conference on Functional Programming",
   year         = 1997
 }

@book{GOF:DesignPattern,
 author = {Gamma, Erich and Helm, Richard and Johnson, Ralph and Vlissides, John},
 title = {Design Patterns: Elements of Reusable Object-oriented Software},
 year = {1995},
 isbn = {0-201-63361-2},
 publisher = {Addison-Wesley Longman Publishing Co., Inc.},
 address = {Boston, MA, USA},
 note={326 psl.},
}

@inbook{DeclarativeProgramming,
title = "Practical advantages of declarative programming",
author = "JW Lloyd",
note = "Conference Proceedings/Title of Journal: Joint Conference on Declarative Programming",
year = "1994",
pages = "3 -- 17",
booktitle = "Unknown",
}

@book{Fowler:2002:PEA:579257,
 author = {Fowler, Martin},
 title = {Patterns of Enterprise Application Architecture},
 year = {2002},
 isbn = {0321127420},
 publisher = {Addison-Wesley Longman Publishing Co., Inc.},
 address = {Boston, MA, USA},
}

@misc{Fowler:EventSourcing,
    author={Fowler, Martin},
    title={Event Sourcing},
    howpublished={\url{http://martinfowler.com/eaaDev/EventSourcing.html}},
    year={2015},
    langid={english},
}

@misc{Fowler:RetroactiveEvent,
    author={Fowler, Martin},
    title={Retroactive Event},
    howpublished={\url{http://martinfowler.com/eaaDev/RetroactiveEvent.html}},
    year={2015},
    langid={english},
}

@misc{Fowler:LMAX,
    author={Fowler, Martin},
    title={The LMAX Architecture},
    howpublished={\url{http://martinfowler.com/articles/lmax.html}},
    year={2011},
    langid={english},
}

@misc{Young:CQRS2010,
    author={Young, Greg},
    title={CQRS, Task Based UIs, Event Sourcing agh!},
    howpublished={\url{http://codebetter.com/gregyoung/2010/02/16/cqrs-task-based-uis-event-sourcing-agh/}},
    year={2010},
    langid={english},
}

@techreport{Young:CQRS2013,
    author={Greg Young},
    keywords={cqrs, eventsourcing},
    posted-at={2010-10},
    title={CQRS Documents by Greg Young},
    type={Technical Whitepaper},
    file={http://cqrs.files.wordpress.com/2010/11/cqrs_documents.pdf},
    year={2010}
}

@misc{Krasser:AkkaPersistence,
    author={Krasser, Greg},
    title={Introduction to Akka Persistence.},
    howpublished={\url{http://krasserm.blogspot.lt/2013/12/introduction-to-akka-persistence.html}},
    year={2013},
    langid={english},
}

@misc{Krasser:AkkaYoutube,
    author={Krasser, Greg},
    title={Event Sourcing and CQRS with Akka Persistence and Eventuate.},
    howpublished={\url{https://www.youtube.
com/watch?v=vFVry457XLk}},
    year={2015},
    langid={english},
}

@book{Betts:2013:ECE:2509680,
 author = {Betts, Dominic and Dominguez, Julian and Melnik, Grigori and Simonazzi, Fernando and Subramanian, Mani},
 title = {Exploring CQRS and Event Sourcing: A Journey into High Scalability, Availability, and Maintainability with Windows Azure},
 year = {2013},
 isbn = {1621140164, 9781621140160},
 edition = {1st},
 publisher = {Microsoft patterns \&\#38; practices},
}

@book{Meyer:1988:OSC:534929,
 author = {Meyer, Bertrand},
 title = {Object-Oriented Software Construction},
 year = {1988},
 isbn = {0136290493},
 edition = {1st},
 publisher = {Prentice-Hall, Inc.},
 address = {Upper Saddle River, NJ, USA},
 note={747 psl.},
}

@inproceedings{Fox:1999:HYS:822076.822436,
 author = {Fox, Armando and Brewer, Eric A.},
 title = {Harvest, Yield, and Scalable Tolerant Systems},
 booktitle = {Proceedings of the The Seventh Workshop on Hot Topics in Operating Systems},
 series = {HOTOS '99},
 year = {1999},
 isbn = {0-7695-0237-7},
 pages = {174--},
 url = {http://dl.acm.org/citation.cfm?id=822076.822436},
 acmid = {822436},
 publisher = {IEEE Computer Society},
 address = {Washington, DC, USA},
 keywords = {cluster computing, high availability, orthogonal mechanisms, Internet systems and services},
 note={174-178 psl.},
}


@misc{US:StorageRules,
    author={U.S. Securities and Exchange Commission.},
    title={Electronic Storage of Broker-Dealer Records.},
    howpublished={\url{https://www.sec.gov/rules/interp/34-47806.htm}},
    year={2003},
    langid={english},
}

@misc{GetEventStore:Basics,
    author={Event Store Documentation},
    title={Event Sourcing Basics},
    howpublished={\url{http://docs.geteventstore.com/introduction/3.9.0/event-sourcing-basics/}},
    year={2015},
    langid={english},
}


@article{PvzStraipsnLt,
    author={A. Pavardenis and B. Pavardonis and C. Pavardauskas},
    title={Straipsnio pavadinimas},
    journal={Žurnalo pavadinimas},
    year={2001},
    volume={IV},
    pages={8-17},
}

@article{PvzStraipsnEn,
    author={A. Surname and B. Tsurname and C. Usurname},
    title={Article Title},
    journal={Journal Title},
    year={2001},
    volume={IV},
    pages={3-15},
    langid={english},
}

@inproceedings{PvzKonfLt,
    author={A. Pavardenis and B. Pavardonis and C. Pavardauskas and D. Pavardinskas},
    title={Straipsnio pavadinimas},
    booktitle={Rinkinio pavadinimas},
    year={2002},
    publisher={Leidykla},
    address={Miestas, šalis},
    pages={3-15},
}

@inproceedings{PvzKonfEn,
    author={A. Surname and B. Tsurname and C. Usurname and D. Vsurname},
    title={Article title},
    booktitle={Conference book title},
    year={2002},
    publisher={Publisher},
    address={City, country},
    pages={3-15},
    langid={english},
}

@book{PvzKnygLt,
    author={A. Pavardenis and B. Pavardonis and C. Pavardauskas},
    title={Knygos pavadinimas},
    publisher={Leidykla},
    year={2003},
    address={Miestas, šalis},
    note={172 psl.},
}

@book{PvzKnygEn,
    author={A. Surname and B. Tsurname and C. Usurname},
    title={Book title},
    publisher={Publisher},
    year={2003},
    address={City, country},
    note={172 p.},
    langid={english},
}

@misc{PvzElPubLt,
    author={A. Pavardenis and B. Pavardonis and C. Šavardauskas},
    title={Elektroninės publikacijos pavadinimas},
    howpublished={\url{http://example.com/kelias/iki/straipsnio.pdf}},
    year={2004},
    note={45 KB, tikrinta 2015-02-01},
}

@misc{PvzElPubEn,
    author={A. Surname and B. Tsurname and C. Usurname},
    title={Online Source Title},
    howpublished={\url{http://example.com/path/to/the/article.pdf}},
    year={2004},
    note={45 KB, accessed 2015-02-01.},
    langid={english},
}

@mastersthesis{PvzMagistrLt,
    author={A. Pavardonis},
    title={Magistrinio darbo pavadinimas},
    school={Universiteto pavadinimas},
    year={2005},
}

@phdthesis{PvzPhdEn,
    author={A. Surname},
    title={Ttitle of PhD thesis},
    school={Title of university},
    year={2005},
    langid={english},
}
